@article{NDMtheory,
  title={Chiral estimate of the electric dipole moment of the neutron in quantum chromodynamics},
  author={Crewther, RJ and Di Vecchia, P and Veneziano, G and Witten, Edward},
  journal={Physics Letters B},
  volume={88},
  number={1-2},
  pages={123--127},
  year={1979},
  publisher={Elsevier}
}

@article{NDMexperiment,
  title={Measurement of the permanent electric dipole moment of the neutron},
  author={Abel, Christopher and Afach, Samer and Ayres, Nicholas J and Baker, Colin A and Ban, Gilles and Bison, Georg and Bodek, Kazimierz and Bondar, Vira and Burghoff, Martin and Chanel, E and others},
  journal={Physical review letters},
  volume={124},
  number={8},
  pages={081803},
  year={2020},
  publisher={APS}
}

@article{PQ,
  title={CP Conservation in the Presence of Pseudoparticles},
  author={R. Peccei and H. Quinn},
  journal={Physical Review Letters},
  year={1977},
  volume={38},
  pages={1440-1443}
}

@article{Weinberg,
    author = "Weinberg, Steven",
    title = "{A New Light Boson?}",
    reportNumber = "HUTP-77/A074",
    doi = "10.1103/PhysRevLett.40.223",
    journal = "Phys. Rev. Lett.",
    volume = "40",
    pages = "223--226",
    year = "1978"
}

@article{Wilczek,
    author = "Wilczek, Frank",
    title = "{Problem of Strong  $P$  and  $T$  Invariance in the Presence of Instantons}",
    reportNumber = "Print-77-0939 (COLUMBIA)",
    doi = "10.1103/PhysRevLett.40.279",
    journal = "Phys. Rev. Lett.",
    volume = "40",
    pages = "279--282",
    year = "1978"
}

@article{ReactorExperiment1,
  title={An experimental limit on production of axions in a fission reactor},
  author={Vuilleumier, J-L and Boehm, F and Hahn, A Ao and Kwon, H and Feilitzsch, Fv and M{\"o}ssbauer, RL},
  journal={Physics Letters B},
  volume={101},
  number={5},
  pages={341--343},
  year={1981},
  publisher={Elsevier}
}

@article{ReactorExperiment2,
  title={Поиски необычных явлений в потоке реакторных антинейтрино},
  author={Кетов, СН and Климов, ЮВ and Николаев, СВ and Микаэлян, ЛА and Скорохватов, МД and Толоконников, СВ}
}

@article{AcceleratorExperiment1,
  title={Limit on axion decay into an electron pair},
  author={Faissner, H and Frenzel, E and Heinrigs, W and Preussger, A and Samm, D and Samm, U},
  journal={Physics Letters B},
  volume={96},
  number={1-2},
  pages={201--205},
  year={1980},
  publisher={Elsevier}
}

@article{AcceleratorExperiment2,
  title={New limits on light scalar and pseudoscalar particles produced in nuclear decay},
  author={Savage, MJ and Filippone, BW and Mitchell, LW},
  journal={Physical Review D},
  volume={37},
  number={5},
  pages={1134},
  year={1988},
  publisher={APS}
}

@article{K,
  title={Weak-interaction singlet and strong CP invariance},
  author={Kim, Jihn E},
  journal={Physical Review Letters},
  volume={43},
  number={2},
  pages={103},
  year={1979},
  publisher={APS}
}

@article{SVZ,
  title={Can confinement ensure natural CP invariance of strong interactions?},
  author={Shifman, Mikhail A and Vainshtein, AI and Zakharov, Valentin I},
  journal={Nuclear Physics B},
  volume={166},
  number={3},
  pages={493--506},
  year={1980},
  publisher={Elsevier}
}

@article{Z,
  title={О возможности подавления аксион-адронных взаимодействий},
  author={Zhitnitskii, AR},
  journal={Yad. Fiz},
  volume={31},
  pages={497},
  year={1980}
}

@article{DFS,
  title={A simple solution to the strong CP problem with a harmless axion},
  author={Dine, Michael and Fischler, Willy and Srednicki, Mark},
  journal={Physics letters B},
  volume={104},
  number={3},
  pages={199--202},
  year={1981},
  publisher={Elsevier}
}

@article{whitedwarfs,
  title={Axions and the cooling of white dwarf stars},
  author={Isern, J and Garc{\'\i}a-Berro, E and Torres, S and Catalan, Silvia},
  journal={The Astrophysical Journal Letters},
  volume={682},
  number={2},
  pages={L109},
  year={2008},
  publisher={IOP Publishing}
}

@article{transparency,
  title={Very-high-energy gamma rays from a distant quasar: how transparent is the universe?},
  author={Albert, Jord and Aliu, E and Anderhub, H and Antonelli, LA and Antoranz, P and Backes, M and Baixeras, C and Barrio, JA and Bartko, H and Bastieri, D and others},
  journal={Science},
  volume={320},
  number={5884},
  pages={1752--1754},
  year={2008},
  publisher={American Association for the Advancement of Science}
}

@article{transparency_axion,
   title={Photon propagation and the very high energy gamma-ray spectra of blazars: how transparent is the Universe?},
   volume={394},
   ISSN={1745-3933},
   url={http://dx.doi.org/10.1111/j.1745-3933.2008.00602.x},
   DOI={10.1111/j.1745-3933.2008.00602.x},
   number={1},
   journal={Monthly Notices of the Royal Astronomical Society: Letters},
   publisher={Oxford University Press (OUP)},
   author={De Angelis, A. and Mansutti, O. and Persic, M. and Roncadelli, M.},
   year={2009},
   month={3},
   pages={L21–L25}
}

@article{solaxconv,
  title = {Plasmon decay into low-mass bosons in stars},
  author = {Raffelt, Georg G.},
  journal = {Phys. Rev. D},
  volume = {37},
  issue = {6},
  pages = {1356--1359},
  numpages = {0},
  year = {1988},
  month = {3},
  publisher = {American Physical Society},
  doi = {10.1103/PhysRevD.37.1356},
  url = {https://link.aps.org/doi/10.1103/PhysRevD.37.1356}
}

@article{hadronic2,
  title={Opening the axion window},
  author={Kaplan, David B},
  journal={Nuclear Physics B},
  volume={260},
  number={1},
  pages={215--226},
  year={1985},
  publisher={Elsevier}
}

@article{solarflux1,
  title={Design for a practical laboratory detector for solar axions},
  author={Van Bibber, K and McIntyre, PM and Morris, DE and Raffelt, GG},
  journal={Physical Review D},
  volume={39},
  number={8},
  pages={2089},
  year={1989},
  publisher={APS}
}

@article{solarflux2,
  title={Theory for the direct detection of solar axions by coherent Primakoff conversion in germanium detectors},
  author={Creswick, RJ and Avignone III, FT and Farach, HA and Collar, JI and Gattone, AO and Nussinov, S and Zioutas, K},
  journal={Physics Letters B},
  volume={427},
  number={3-4},
  pages={235--240},
  year={1998},
  publisher={Elsevier}
}

@inproceedings{solarflux3,
    author = "Scopel, S. and others",
    title = "{Theoretical expectations and experimental prospects for solar axions searches with crystal detectors}",
    booktitle = "{2nd International Workshop on the Identification of Dark Matter}",
    eprint = "astro-ph/9810308",
    archivePrefix = "arXiv",
    month = "9",
    year = "1998"
}

@article{prevax57Fe,
  title={Search for resonant absorption of solar axions emitted in M1 transition in 57 Fe nuclei},
  author={Derbin, AV and Egorov, AI and Mitropol’sky, IA and Muratova, VN and Semenov, DA and Unzhakov, EV},
  journal={The European Physical Journal C},
  volume={62},
  number={4},
  pages={755--760},
  year={2009},
  publisher={Springer}
}

@article{prevaxLi7,
  title={Search for solar axions using 7 Li},
  author={Kr{\v{c}}mar, Milica and Kre{\v{c}}ak, Zvonko and Ljubi{\v{c}}i{\'c}, Ante and Stip{\v{c}}evi{\'c}, Mario and Bradley, DA},
  journal={Physical review D},
  volume={64},
  number={11},
  pages={115016},
  year={2001},
  publisher={APS}
}

@inproceedings{83Kr,
  title={Recent results of search for solar axions using resonant absorption by 83Kr nuclei},
  author={Derbin, AV and Drachnev, IS and Gangapshev, AM and Gavrilyuk, Yu M and Kazalov, VV and Kobychev, VV and Kuzminov, VV and Muratova, VN and Panashenko, SI and Ratkevich, SS and others},
  booktitle={Journal of Physics: Conference Series},
  volume={934},
  number={1},
  pages={012018},
  year={2017},
  organization={IOP Publishing}
}

@article{pospelov2008bosonic,
  title={Bosonic super-WIMPs as keV-scale dark matter},
  author={Pospelov, Maxim and Ritz, Adam and Voloshin, Mikhail},
  journal={Physical Review D},
  volume={78},
  number={11},
  pages={115012},
  year={2008},
  publisher={APS}
}

@article{gondolo2009solar,
  title={Solar neutrino limit on axions and keV-mass bosons},
  author={Gondolo, Paolo and Raffelt, Georg G},
  journal={Physical Review D},
  volume={79},
  number={10},
  pages={107301},
  year={2009},
  publisher={APS}
}
@article{brem,
    title = {On production and detecting of axions at transmission of electrons through matter.},
    author = {Zhitnitskij, A. R.
    and Skovpen', Yu. I.},
    journal = {Sov. J. Nucl. Phys.},
    volume = {29},
    page = {513},
    year = {1979}
}

@article{kekez2009search,
  title={Search for solar hadronic axions produced by a bremsstrahlung-like process},
  author={Kekez, Dalibor and Ljubi{\v{c}}i{\'c}, Ante and Kre{\v{c}}ak, Zvonko and Kr{\v{c}}mar, Milica},
  journal={Physics Letters B},
  volume={671},
  number={3},
  pages={345--348},
  year={2009},
  publisher={Elsevier}
}

@article{derbin2011constraints,
  title={Constraints on the axion-electron coupling for solar axions produced by a Compton process and bremsstrahlung},
  author={Derbin, AV and Kayunov, AS and Muratova, VV and Semenov, DA and Unzhakov, EV},
  journal={Physical Review D},
  volume={83},
  number={2},
  pages={023505},
  year={2011},
  publisher={APS}
}

@article{redondo2013solar,
  title={Solar axion flux from the axion-electron coupling},
  author={Redondo, Javier},
  journal={Journal of Cosmology and Astroparticle Physics},
  volume={2013},
  number={12},
  pages={008},
  year={2013},
  publisher={IOP Publishing}
}


@article{lazarus1992search,
  title={Search for solar axions},
  author={Lazarus, DM and Smith, GC and Cameron, R and Melissinos, AC and Ruoso, G and Semertzidis, Yannis K and Nezrick, FA},
  journal={Physical review letters},
  volume={69},
  number={16},
  pages={2333},
  year={1992},
  publisher={APS}
}

@article{inoue2002search,
  title={Search for sub-electronvolt solar axions using coherent conversion of axions into photons in magnetic field and gas helium},
  author={Inoue, Yoshizumi and Namba, Toshio and Moriyama, Shigetaka and Minowa, Makoto and Takasu, Yuko and Horiuchi, Takashi and Yamamoto, Akira},
  journal={Physics Letters B},
  volume={536},
  number={1-2},
  pages={18--23},
  year={2002},
  publisher={Elsevier}
}

@article{beltran2005search,
  title={Search for solar axions: The CAST experiment at CERN},
  author={Beltran, Berta},
  journal={arXiv preprint hep-ex/0507007},
  year={2005}
}

@article{moriyama1998direct,
  title={Direct search for solar axions by using strong magnetic field and X-ray detectors},
  author={Moriyama, Shigetaka and Minowa, Makoto and Namba, Toshio and Inoue, Yoshizumi and Takasu, Yuko and Yamamoto, Akira},
  journal={Physics Letters B},
  volume={434},
  number={1-2},
  pages={147--152},
  year={1998},
  publisher={Elsevier}
}

@article{paschos1994proposal,
  title={A proposal for solar axion detection via Bragg scattering},
  author={Paschos, EA and Zioutas, Konstantin},
  journal={Physics Letters B},
  volume={323},
  number={3-4},
  pages={367--372},
  year={1994},
  publisher={Elsevier}
}

@article{avignone1998first,
  title={First results from Solax: A new technique to detect axions from the sun},
  author={Avignone III, FT and Creswick, RJ and Farach, HA and Abriola, D and Di Gregorio, DE and Gattone, AO and Hasenbalg, F and Huck, H and Brodzinski, RL and Miley, HS and others},
  journal={Physics of Atomic Nuclei},
  volume={61},
  year={1998}
}

@article{avignone1999solar,
  title={Solar axion experiments using coherent Primakoff conversion in single crystals},
  author={Avignone III, FT and Abriola, D and Brodzinski, RL and Collar, JI and Creswick, RJ and DiGregorio, DE and Farach, HA and Gattone, AO and Guerard, CK and Hasenbalg, F and others},
  journal={Nuclear Physics B-Proceedings Supplements},
  volume={72},
  pages={176--182},
  year={1999},
  publisher={Elsevier}
}

@article{scopel1998theoretical,
  title={Theoretical expectations and experimental prospects for solar axions searches with crystal detectors},
  author={Scopel, S and Irastorza, IG and Cebrian, S and Garc{\'\i}a, E and Gonzalez, D and Morales, A and Morales, J and De Sol{\'o}rzano, A Ortiz and Puimed{\'o}n, J and Salinas, A and others},
  journal={arXiv preprint astro-ph/9810308},
  year={1998}
}

@article{morales2002particle,
  title={Particle dark matter and solar axion searches with a small germanium detector at the Canfranc underground laboratory},
  author={Morales, A and Avignone Iii, FT and Brodzinski, RL and Cebri{\'a}n, S and Garc{\i}a, E and Gonz{\'a}lez, D and Irastorza, IG and Miley, HS and Morales, J and de Sol{\'o}rzano, A Ortiz and others},
  journal={Astroparticle Physics},
  volume={16},
  number={3},
  pages={325--332},
  year={2002},
  publisher={Elsevier}
}

@article{bernabei2001search,
  title={Search for solar axions by Primakoff effect in NaI crystals},
  author={Bernabei, R and Belli, P and Cerulli, R and Montecchia, F and Nozzoli, F and Incicchitti, A and Prosperi, D and Dai, CJ and He, HL and Kuang, HH and others},
  journal={Physics Letters B},
  volume={515},
  number={1-2},
  pages={6--12},
  year={2001},
  publisher={Elsevier}
}

